@inproceedings{porkolab2009c++,
  title={C++ template metaprogramming with embedded Haskell},
  author={Porkol{\'a}b, Zolt{\'a}n and Sinkovics, Abel},
  booktitle={Proceedings of the 8th International Conference on Generative Programming \& Component Engineering (GPCE 2009), ACM},
  pages={99--108},
  year={2009}
}
@inproceedings{luksa2018parallelisation,
  title={Parallelisation of Haskell Programs by Refactoring},
  author={Luksa, Norbert and Kozsik, Tam{\'a}s},
  booktitle={THE 11TH CONFERENCE OF PHD STUDENTS IN COMPUTER SCIENCE},
  pages={121},
  year={2018}
}
@misc{metafun,
  author = {Érdi, Gergő},
  title = {MetaFun: Compile Haskell-like code to C++ template metaprograms},
  howpublished = {\url{https://gergo.erdi.hu/projects/metafun/}},
  note = {Accessed: 2019-05-05}
}
@inproceedings{sheard2002template,
  title={Template meta-programming for Haskell},
  author={Sheard, Tim and Jones, Simon Peyton},
  booktitle={Proceedings of the 2002 ACM SIGPLAN workshop on Haskell},
  pages={1--16},
  year={2002},
  organization={ACM}
}
@misc{bartoszhaskell,
  author = {Milewski, Bartosz},
  title = {What Does Haskell Have to Do with C++?},
  howpublished = {\url{https://bartoszmilewski.com/2009/10/21/what-does-haskell-have-to-do-with-c/}},
  note = {Accessed: 2019-05-05}
}
@inproceedings{porkolab2006debugging,
  title={Debugging C++ template metaprograms},
  author={Porkol{\'a}b, Zolt{\'a}n and Mihalicza, J{\'o}zsef and Sipos, {\'A}d{\'a}m},
  booktitle={Proceedings of the 5th international conference on Generative programming and component engineering},
  pages={255--264},
  year={2006},
  organization={ACM}
}
@inproceedings{porkolab2009functional,
  title={Functional programming with C++ template metaprograms},
  author={Porkol{\'a}b, Zolt{\'a}n},
  booktitle={Central European Functional Programming School},
  pages={306--353},
  year={2009},
  organization={Springer}
}
@misc{yhc,
  title = {Yhc Core - HaskellWiki},
  howpublished = {\url{https://wiki.haskell.org/Yhc/API/Core}},
  note = {Accessed: 2019-05-05}
}